@book{雷思磊2014自己动手写CPU,
  title={自己动手写CPU},
  author={雷思磊},
  year={2014},
  publisher = {电子工业出版社},
}

@book{计算机原理与设计,
  title={计算机原理与设计：Verlog HDL版},
  author={李亚明},
  year={2011},
  publisher = {清华大学出版社},
}

@book{系统能力培养大赛”MIPS指令系统规范_v1.01,
  title={系统能力培养大赛”MIPS指令系统规范\_v1.01},
  author={龙芯杯},
  year={2014},
  publisher = {龙芯中科},
}

@book{类SRAM接口说明,
  title={类 SRAM 接口说明},
  author={龙芯杯},
  year={2014},
  publisher = {龙芯中科},
}

@book{重庆大学硬件综合设计实验文档,
  title={重庆大学硬件综合设计实验文档},
  author={重庆大学},
  year={2014},
  publisher = {https://co.ccslab.cn/},
}

@book{CQU硬件综合设计录播,
  title={CQU 硬件综合设计录播},
  author={吕昱峰},
  year={2019},
  publisher = {https://www.bilibili.com/video/BV1XJ411k7kR/},
}

@book{2022重庆大学硬件综合设计-MIPS组资源包的使用,
  title={2022重庆大学硬件综合设计-MIPS组资源包的使用},
  author={南极洲的一只北极熊},
  year={2022},
  publisher = {https://www.bilibili.com/video/BV19G4y1E7jj/},
}

@book{A-simple-MIPS-CPU,
  title={A-simple-MIPS-CPU},
  author={JF2098},
  year={2022},
  publisher = {https://github.com/JF2098/A-simple-MIPS-CPU},
}

@book{MIPS_CPU,
  title={MIPS\_CPU},
  author={MineQihang},
  year={2022},
  publisher = {https://github.com/MineQihang/MIPS\_CPU},
}

@book{computer-organization-and-design,
    author = {David A. Patterson, John L. Hennessy},
    title = {Computer Organization and Design, Fifth Edition: The Hardware/Software Interface},
    publisher = {Morgan Kaufmann},
    year = {2013},
}
